@MISC {dronepicture,
	title    = {{Parrot AR.Drone}}, 
	year     = 2017,
	howpublished = {\url{https://www.parrot.com/fr/sites/default/files/styles/product_teaser_hightlight/public/parrot_ar_drone_gps_edition.png?itok=0shlzcXW}},
	note     = {visited: 01.22.2017}
}
@misc{fuzzylite,
	author={Juan Rada-Vilela},
	title={fuzzylite: a fuzzy logic control library},
	url={http://www.fuzzylite.com},
	year={2017}
}

@MISC {opennilicense,
	title    = {{opennilicense}}, 
	year     = 2017,
	howpublished = {\url{https://github.com/OpenNI/OpenNI/blob/master/LICENSE}},
	note     = {visited: 04.08.2017}
}

@MISC {openni,
	title    = {{OpenNI}}, 
	year     = 2017,
	howpublished = {\url{https://github.com/OpenNI/OpenNI}},
	note     = {visited: 04.08.2017}
}

@MISC {opennilaunch,
	title    = {{OpenNI Launch}}, 
	year     = 2017,
	howpublished = {\url{http://wiki.ros.org/openni_launch}},
	note     = {visited: 04.08.2017}
}

@MISC {opennitracker,
	title    = {{OpenNI Tracker}}, 
	year     = 2017,
	howpublished = {\url{http://wiki.ros.org/openni_tracker}},
	note     = {visited: 04.08.2017}
}
@MISC {freenect,
	title    = {{Freenect}}, 
	year     = 2017,
	howpublished = {\url{https://github.com/OpenKinect/libfreenect}},
	note     = {visited: 04.08.2017}
}


@MISC {hodor,
	title    = {{Odometrie}}, 
	year     = 2017,
	howpublished = {\url{https://en.wikipedia.org/wiki/Odometry}},
	note     = {visited: 04.02.2017}
}

@MISC {pclGrouping,
	title    = {{PCL Correspondance Grouping}}, 
	year     = 2017,
	howpublished = {\url{http://pointclouds.org/documentation/tutorials/correspondence_grouping.php#correspondence-grouping}},
	note     = {visited: 03.05.2017}
}

@MISC {repro,
	title    = {{Reprojektionsfehler}}, 
	year     = 2017,
	howpublished = {\url{https://en.wikipedia.org/wiki/Reprojection_error}},
	note     = {visited: 04.02.2017}
}

@MISC {pclDocs,
	title    = {{Dokumentation PCL}}, 
	year     = 2017,
	month    = mar,
	howpublished = {\url{http://docs.pointclouds.org/trunk/classpcl_1_1_edge.html}},
	note     = {visited: 03.29.2017}
}

@MISC {filter1,
	title    = {{Filter in der Bildverarbeitung}}, 
	year     = 2017,
	howpublished = {\url{https://de.mathworks.com/help/images/what-is-image-filtering-in-the-spatial-domain.html}},
	note     = {visited: 03.06.2017}
}

@MISC {LoG,
	title    = {{Marr-Hildreth-Operator}}, 
	year     = 2017,
	month	 = mar,
	howpublished = {\url{https://de.wikipedia.org/wiki/Marr-Hildreth-Operator}},
	note     = {visited: 03.07.2017}
}

@MISC {defPC,
	title    = {{Definition PointCloud}}, 
	year     = 2016,
	month	 = oct,
	howpublished = {\url{http://whatis.techtarget.com/definition/point-cloud}},
	note     = {visited: 03.05.2017}
}

@MISC {visPC,
	title    = {{PointCloud visualisiert}}, 
	year     = 2016,
	month	 = jul,
	howpublished = {\url{https://student.myvectorworks.net/public_newsletters/2016/07/6/StudenPortal-eNL_Detail_content2.html?utm_campaign=newsletteredu&utm_source=image&utm_medium=portal&utm_content=2}},
	note     = {visited: 03.05.2017}
}


@MISC {lochkamera,
	title    = {{Lochkamera Prinzip}}, 
	year     = 2017,
	howpublished = {\url{https://en.wikipedia.org/wiki/Pinhole_camera_model#/media/File:Pinhole-camera.svg}},
	note     = {visited: 03.22.2017}
}

@MISC {remode3d,
	title    = {{Lochkamera Prinzip}}, 
	year     = 2015,
	month	 = dec,
	howpublished = {\url{https://github.com/uzh-rpg/rpg_open_remode/wiki/Run-Using-SVO}},
	note     = {visited: 02.15.2017}
}

@MISC {svodocs,
	title    = {{Perfomance Dokumentation SVO}}, 
	year     = 2014,
	month	 = jun,
	howpublished = {\url{https://github.com/uzh-rpg/rpg_svo/wiki/Obtaining-Best-Performance}},
	note     = {visited: 02.18.2017}
}


@MISC{abc,
	title = {{haha}},
	year = 2016,
	howpublished = {\url{https://www.google.com/}}
}


@MISC {drone,
    title    = {{Parrot AR.Drone}}, 
    year     = 2016,
    howpublished = {\url{https://de.wikipedia.org/wiki/Parrot_AR.Drone}},
    note     = {visited: 01.22.2017}
} 

@MISC {realtimecode,
	title    = {{Realtime code in ROS}}, 
	year     = 2016,
	howpublished = {\url{http://www.willowgarage.com/blog/2009/06/10/orocos-rtt-and-ros-integrated}},
	note     = {visited: 01.22.2017}
} 


@MISC {svo_cameracalibration,
	author   = "{Robotics and Perception Group}",
	title    = {{Camera Calibration}}, 
	year     = 2014,
	howpublished = {\url{https://github.com/uzh-rpg/rpg_svo/wiki/Camera-Calibration}},
	note     = {visited: 02.19.2017}
} 

@techreport{airsimpaper,
	title = {{A}erial {I}nformatics and {R}obotics Platform},
	author = {Shital Shah and Debadeepta Dey and Chris Lovett and Ashish Kapoor},
	year = {2017},
	institution = {Microsoft Research},
	number = {{M}{S}{R}-{T}{R}-2017-9}}
}

@MISC {airsim,
	author   = "{Shital Shah and Debadeepta Dey and Chris Lovett and Ashish Kapoor}",
	title    = {{Microsoft AirSim}}, 
	year     = 2017,
	howpublished = {\url{https://github.com/Microsoft/AirSim}},
	note     = {visited: 03.16.2017}
} 
@MISC {real_structure,
	title    = {{Programmstruktur mit realer Drohne}}, 
	year     = 2017,
	howpublished = {\url{http://wiki.ros.org/tum_simulator?action=AttachFile&do=get&target=real_structure.png}},
	note     = {visited: 03.22.2017}
}
@MISC {real_structure,
	title    = {{Programmstruktur mit Simulation}}, 
	year     = 2017,
	howpublished = {\url{http://wiki.ros.org/tum_simulator?action=AttachFile&do=get&target=sim_structure.png}},
	note     = {visited: 03.22.2017}
}




@BOOK{Dayley2014,
	AUTHOR = {Dayley, Brad},
	YEAR = {2014},
	TITLE = {Node.js, MongoDB, and AngularJS Web Development},
	EDITION = {1. ed.},
	ISBN = {978-0-133-84434-4},
	PUBLISHER = {Addison-Wesley Professional},
	ADDRESS = {Boston},
}

@MISC {company,
    author   = "{SAP offical website}",
    title    = {{SAP Company Information}}, 
    year     = 2016,
    howpublished = {\url{http://go.sap.com/corporate/en/company.html}},
    note     = {visited: 08.22.2016}
} 

@MISC {beacon1,
    author   = "{Dejan Jurejevcic}",
    title    = {{IoT tech deep-dive: The rise of beacon technology}}, 
    year     = {2016},
    month    = jun,
    howpublished = {\url{https://iot-analytics.com/rise-of-beacon-technology/}},
    note     = {visited: 08.22.2016}
} 

@MISC {beacon2,
    author   = "{Agnieszka Gasiorek}",
    title    = {{What Are Beacons & How Do They Work?}}, 
    year     = {2016},
    month    = sep,
    howpublished = {\url{https://kontakt.io/blog/infographic-beacons/}},
    note     = {visited: 08.22.2016}
} 

@MISC {usasmart,
    author   = "{Monica Anderson}",
    title    = {{Technology Device Ownership: 2015}}, 
    year     = {2016},
    month    = oct,
    howpublished = {\url{http://www.pewinternet.org/2015/10/29/technology-device-ownership-2015/}},
    note     = {visited: 08.15.2016}
} 

@MISC {iottech,
    author   = "{Louis Columbus}",
    title    = {{Roundup Of Internet of Things Forecasts And Market Estimates, 2015}}, 
    year     = {2015},
    month    = dec,
    howpublished = {\url{http://www.forbes.com/sites/louiscolumbus/2015/12/27/roundup-of-internet-of-things-forecasts-and-market-estimates-2015/#739d8de148a0}},
    note     = {visited: 08.23.2016}
}

@MISC {gsma,
    author   = "{Sylwia Kechiche}",
    title    = {{Cellular M2M forecasts: unlocking growth}}, 
    year     = {2015},
    month    = feb,
    howpublished = {\url{https://www.gsmaintelligence.com/research/2015/02/cellular-m2m-forecasts-unlocking-growth/457/}},
    note     = {visited: 08.23.2016}
}

@MISC {sapranking,
    author   = "{Truffle Capital}",
    title    = {{European software vendors ranking 2015}}, 
    year     = {2015},
    month    = dec,
    howpublished = {\url{http://www.truffle100.com/2015/ranking.php}},
    note     = {visited: 08.24.2016}
}

@MISC {sapnewsm2m,
    author   = "{SAP News}",
    title    = {{Ericsson and SAP Announce New
Combination of Cloud-Based Machine-to-Machine Solutions to Enhance Enterprise
Efficiency}}, 
    year     = {2013},
    month    = feb,
    howpublished = {\url{http://news.sap.com/ericsson-and-sap-announce-new-combination-of-cloud-based-machine-to-machine-solutions-to-enhance-enterprise-efficiency/}},
    note     = {visited: 08.17.2016}
}

@MISC {sapgocm,
    author   = "{SAP}",
    title    = {{Manufacturing Execution
System (MES)}}, 
    howpublished = {\url{http://go.sap.com/product/enterprise-management/execution-mes.html}},
    note     = {visited: 08.16.2016}
}

@MISC {sapgoain,
    author   = "{SAP}",
    title    = {{Seamlessly connect
machines and business - with our asset intelligence repository}}, 
    howpublished = {\url{http://go.sap.com/germany/product/plm/asset-intelligence-network.product-capabilities.html}},
    note     = {visited: 08.16.2016}
}

@MISC {sapgolns,
    author   = "{SAP}",
    title    = {{Logistics Network Solutions}}, 
    howpublished = {\url{http://go.sap.com/solution/lob/supply-chain/logistics-network.html}},
    note     = {visited: 08.16.2016}
}

@MISC {hanaacid,
    author   = "{Jim Gray}",
    title    = {{The Transaction Concept: Virtues and Limitations}}, 
    year     = {1981},
    month    = jun,
    howpublished = {\url{http://research.microsoft.com/en-us/um/people/gray/papers/theTransactionConcept.pdf}},
    note     = {visited: 08.17.2016}
}

@BOOK{hana2,
	AUTHOR = {Franz Faerber, Sand Kyun Cha, Juergen Primsch, Christof
Bornhoevd, Stefan Sigg, Wolfgang Lehner},
	YEAR = {2011},
	MONTH = dec,
	TITLE = {SAP HANA Database - Data
Management for Modern Business Applications},
	EDITION = {Volume 40 Issue 4},
	ISBN = {978-0-133-84434-4},
	PUBLISHER = {ACM SIGMOD Record},
	ADDRESS = {New York},
} 

@MISC {sapiotstrats,
    author   = "{Holger Mueller}",
    title    = {{First Take - SAP's IoT Strategy
becomes clearer...}}, 
    year     = {2015},
    month    = jan,
    howpublished = {\url{http://enswmu.blogspot.de/2015/01/first-take-saps-iot-strategy-becomes.html}},
    note     = {visited: 08.18.2016}
}

@MISC {hcpoff,
    author   = "{SAP}",
    title    = {{What is SAP HANA Cloud Platform?}}, 
    howpublished = {\url{https://hcp.sap.com/index.html}},
    note     = {visited: 08.18.2016}
}

@MISC {hcpdocs,
    author   = "{SAP}",
    title    = {{SAP HANA Cloud Platform}}, 
   	year     = {2016},
    month    = jul,
    howpublished = {\url{https://help.hana.ondemand.com/help-/frameset.htm}},
    note     = {visited: 08.18.2016}
}

@MISC {sapvi,
    author   = "{SAP}",
    title    = {{SAP Vehicle Insights: Create new
business models with connected car analytics}}, 
    howpublished = {\url{http://go.sap.com/product/analytics/vehicle-insights.html}},
    note     = {visited: 08.18.2016}
}

@MISC {vidocs,
    author   = "{Benjamin Graf, Ralf Ehret}",
    title    = {{Architecture Concept SAP
Vehicle Insights}}, 
   	year     = {2015},
    month    = may,
    howpublished = {Internal product documentation}
}

@MISC {websocket1,
    author   = "{Michael Carter}",
    title    = {{[whatwg] TCPConnection feedback}}, 
   	year     = {2008},
    month    = jun, 
    howpublished = {\url{https://lists.w3.org/Archives/Public/public-whatwg-archive/2008Jun/0165.html}},
    note     = {visited: 08.18.2016}
}

@BOOK{websocketbook,
	AUTHOR = {Andrew Lombardi},
	YEAR = {2015},
	MONTH = apr,
	TITLE = {WebSocket: Lightweight Client-Server},
	EDITION = {1. ed.},
	ISBN = {978-1-449-36923-1},
	PUBLISHER = {O'Reilly Media Media, Inc.},
} 

@MISC {w3cwebsocket,
    author   = "{Ion Hickson}",
    title    = {{The WebSocket API}}, 
   	year     = {2008},
    month    = sep, 
    howpublished = {\url{https://www.w3.org/TR/2011/WD-websockets-20110929/}},
    note     = {visited: 08.19.2016}
}

@MISC {firefoxws,
    author   = "{Mozilla Developer Network MDN}",
    title    = {{Writing WebSocket servers}}, 
   	year     = {2016},
    month    = aug, 
    howpublished = {\url{https://developer.mozilla.org/en-US/docs/Web/API/WebSockets\_API/Writing\_WebSocket\_servers}},
    note     = {visited: 08.19.2016}
}

@BOOK{nodebook,
	AUTHOR = {Brad Dayley},
	YEAR = {2014},
	MONTH = dec,
	TITLE = {Node.js, MongoDB, and AngularJS Web
Development},
	EDITION = {2. ed.},
	ISBN = {978-0-133-84434-4},
	PUBLISHER = {Addison-Wesley Professional},
	ADDRESS = {Boston},
}

@MISC {sapandnode,
    author   = "{Graham Robinson}",
    title    = {{SAP makes strong commitment to
Node.js}}, 
   	year     = {2015},
    month    = oct, 
    howpublished = {\url{http://scn.sap.com/community/developer-center/hana/blog/2015/10/25/sap-endorses-nodejs}},
    note     = {visited: 08.19.2016}
}

@MISC {sybase,
    author   = "{SYBASE Infocenter}",
    title    = {{AppBuilder 1.0}}, 
   	year     = {2013},
    month    = nov, 
    howpublished = {\url{http://infocenter.sybase.com/help-/index.jsp?topic=/
com.sybase.infocenter.appbuilder.1.0/doc/html/title.html}},
    note     = {visited: 08.19.2016}
}

@MISC {connectionStackOF,
    author   = "{Stack Overflow Question}",
    title    = {{HTTP headers in
Websockets client API}}, 
   	year     = {2010},
    month    = dec, 
    howpublished = {\url{http://stackoverflow.com/questions/4361173/http-headers-in-websockets-client-api}},
    note     = {visited: 08.19.2016}
}

@MISC {connectionHTML,
    author   = "{HTML Documentation}",
    title    = {{HTML Living Standard}}, 
   	year     = {2016},
    month    = aug, 
    howpublished = {\url{https://html.spec.whatwg.org/multipage/comms.html#network}},
    note     = {visited: 08.19.2016}
}

@MISC {webstatistic,
    author   = "{Web Archive}",
    title    = {{Internet Statistics}}, 
   	year     = {2016},
    month    = aug, 
    howpublished = {\url{https://web.archive.org/web-/20130914042638/
http://stats.areppim.com/stats/stats\_internetxfcst.htm}},
    note     = {visited: 08.19.2016}
}

@BOOK{angularbook,
	AUTHOR = {Rodrigo Branas},
	YEAR = {2014},
	MONTH = aug,
	TITLE = {AngularJS Essentials},
	EDITION = {1. ed.},
	ISBN = {978-1-783-98009-3},
	PUBLISHER = {Packt Publishing Ltd},
	ADDRESS = {Birmingham},
}

@BOOK{angularbook2,
	AUTHOR = {Sandeep Panda},
	YEAR = {2014},
	TITLE = {AngularJS: Novice to Ninja},
	EDITION = {1. ed.},
	ISBN = {978-0-992-46126-3},
	PUBLISHER = {SitePoint},
	ADDRESS = {Collingwood},
}

@MISC {angulardocs,
    author   = "{AngularJS Developer Guide}",
    title    = {{Data Binding}}, 
   	year     = {2016},
    month    = aug, 
    howpublished = {\url{https://docs.angularjs.org/guide/databinding}},
    note     = {visited: 08.23.2016}
}

@MISC {oracledocs,
    author   = "{Oracle}",
    title    = {{Package javax.websocket}}, 
    howpublished = {\url{https://docs.oracle.com/javaee/7/api-/javax/websocket/package-summary.html}},
    note     = {visited: 08.23.2016}
}

@MISC {javaanno,
    author   = "{Andrey Redko}",
    title    = {{Java Annotation Processors}}, 
    year     = {2015},
    month    = sep, 
    howpublished = {\url{https://www.javacodegeeks.com/2015/09/java-annotation-processors.html}},
    note     = {visited: 08.25.2016}
}

@BOOK{singletonbook,
	AUTHOR = {James William Cooper},
	YEAR = {2000},
	MONTH = apr,
	TITLE = {Java Design Patterns: A Tutorial},
	EDITION = {2. ed.},
	ISBN = {978-0-201-48539-4},
	PUBLISHER = {Addison-Wesley Professional},
	ADDRESS = {Boston},
}

@BOOK{javabook2,
	AUTHOR = {Hari SG Ganesh; Kiran Kumar; Tushar Sharma},
	YEAR = {2015},
	TITLE = {Oracle Certified Professional Java SE 8 Programmer Exam 1Z0-809},
	EDITION = {2. ed.},
	ISBN = {978-1-484-21836-5},
	PUBLISHER = {Apress},
	ADDRESS = {New York},
}

@MISC {hcpsupportdocs,
    author   = "{SAP}",
    title    = {{Supported JavaAPIs}}, 
    year     = {2016},
    month    = jul, 
    howpublished = {\url{https://help.hana.ondemand.com/help/
frameset.htm?e836a95cbb571014b3c4c422837fcde4.html}},
    note     = {visited: 08.19.2016}
}

@MISC {gsma2,
    author   = "{GSM Association}",
    title    = {{Understanding the Internet of Things
(IoT)}}, 
    year     = {2014},
    month    = jul, 
    howpublished = {\url{http://www.gsma.com/connectedliving/wp-content/uploads/2014/08/cl\_iot\_wp\_07\_14.pdf}},
    note     = {visited: 08.16.2016}
}

@MISC {javaconcurrency,
    author   = "{Jeff Friesen}",
    title    = {{Java 101: Java concurrency without the pain, Part 1}}, 
    year     = {2013},
    month    = jun, 
    howpublished = {\url{http://www.javaworld.com/article/2078809/java-concurrency/java-concurrency-java-101-the-next-generation-java-concurrency-without-the-pain-part-1.html}},
    note     = {visited: 08.25.2016}
}

@BOOK{javamemoryleak,
	AUTHOR = {Stacy Joines, Ruth Willenborg, Ken Hygh},
	YEAR = {2002},
	MONTH = sep,
	TITLE = {Performance Analysis for Java Web Sites},
	EDITION = {1. ed.},
	ISBN = {978-0-201-84454-2}, 
	PUBLISHER = {Addison-Wesley Professional},
	ADDRESS = {Boston},
}

@MISC {intel,
    author   = "{Intel}",
    title    = {{A Guide to the Internet of Things}}, 
    howpublished = {\url{http://www.intel.com/content/www/us/en/internet-of-things/infographics/guide-to-iot.html}},
    note     = {visited: 08.16.2016}
}

@MISC {gartner,
    author   = "{Rob van der Meulen, Janessa Rivera}",
    title    = {{Gartner Says By
2020, a Quarter Billion Connected Vehicles Will Enable New In-Vehicle Services
and Automated Driving Capabilities}}, 
    year     = {2015},
    month    = jan, 
    howpublished = {\url{http://www.gartner.com/newsroom/id/2970017}},
    note     = {visited: 09.07.2016}
}

@MISC {autonom,
    author   = "{Local Motors}",
    title    = {{Olli Your Friendly Neighborhood
Mobility Solution}}, 
    howpublished = {\url{https://localmotors.com/olli/}},
    note     = {visited: 09.07.2016}
} 

\bibitem[40]{intel} Intel: \emph{A Guide to the Internet of Things}, unknown
date.
http://www.intel.com/content/www/us/en/internet-of-things/infographics/guide-to-iot.html,
\emph{visited:08.16.2016}.
\bibitem[41]{gartner} Rob van der Meulen, Janessa Rivera: \emph{Gartner Says By
2020, a Quarter Billion Connected Vehicles Will Enable New In-Vehicle Services
and Automated Driving Capabilities}, 01.26.2015. 
http://www.gartner.com/newsroom/id/2970017, \emph{visited:09.07.2016}.
\bibitem[42]{autonom} Local Motors: \emph{Olli Your Friendly Neighborhood
Mobility Solution}, unknown date.
https://localmotors.com/olli/, \emph{visited:09.07.2016}. 





\bibitem[1]{company} SAP offical website: \emph{SAP Company Information}, 2016.
http://go.sap.com/corporate/en/company.html, \emph{visited: 08.22.2016}.
\bibitem[2]{beacon1} Dejan Jurejevcic: \emph{IoT tech deep-dive: The rise of
beacon technology}, 09.03.2015.
https://iot-analytics.com/rise-of-beacon-technology/ \emph{visited: 08.22.2016}.
\bibitem[3]{beacon2} Agnieszka Gasiorek: \emph{What Are Beacons & How Do They
Work?}, 09.25.2014. https://kontakt.io/blog/infographic-beacons/, \emph{visited:
08.22.2016}.
\bibitem[4]{usasmart} Monica Anderson: \emph{Technology Device Ownership: 2015},
10.29.2015.
http://www.pewinternet.org/2015/10/29/technology-device-ownership-2015/,
\emph{visited:
08.15.2016}.
\bibitem[5]{iottech} Louis Columbus: \emph{Roundup Of Internet of Things
Forecasts And Market Estimates, 2015}, 12.27.2015.
http://www.forbes.com/sites/louiscolumbus/2015/12/27/roundup-of-internet-of-things-forecasts-and-market-estimates-2015/#739d8de148a0,
\emph{visited:
08.23.2016}.
\bibitem[6]{gsma} Sylwia Kechiche: \emph{Cellular M2M forecasts: unlocking
growth}, 02.06.2015.
https://www.gsmaintelligence.com/research/2015/02/cellular-m2m-forecasts-unlocking-growth/457/,
\emph{visited:08.23.2016}.
\bibitem[7]{sapranking} Truffle Capital: \emph{European software vendors ranking
2015}, 12.31.2015.
http://www.truffle100.com/2015/ranking.php, \emph{visited:08.24.2016}. 
\bibitem[8]{sapnewsm2m} SAP News: \emph{Ericsson and SAP Announce New
Combination of Cloud-Based Machine-to-Machine Solutions to Enhance Enterprise
Efficiency}, 02.25.2013.
http://news.sap.com/ericsson-and-sap-announce-new-combination-of-cloud-based-machine-to-machine-solutions-to-enhance-enterprise-efficiency/,
\emph{visited:08.17.2016}.
\bibitem[9]{sapgocm} SAP Connected Manufacturing: \emph{Manufacturing Execution
System (MES)}, unknown date.
http://go.sap.com/product/enterprise-management/execution-mes.html,
\emph{visited:08.16.2016}.
\bibitem[10]{sapgoain} SAP Asset Intelligence Network: \emph{Seamlessly connect
machines and business - with our asset intelligence repository}, unknown date.
http://go.sap.com/germany/product/plm/asset-intelligence-network.product-capabilities.html,
\emph{visited:08.16.2016}.
\bibitem[11]{sapgolns} SAP Asset Intelligence Network: \emph{Seamlessly connect
machines and business - with our asset intelligence repository}, unknown date.
http://go.sap.com/solution/lob/supply-chain/logistics-network.html,
\emph{visited:08.16.2016}.
\bibitem[12]{hanaacid} Jim Gray: \emph{The Transaction Concept:
Virtues and Limitations}, 06.1981.
http://research.microsoft.com/en-us/um/people/gray/papers/theTransactionConcept.pdf,
\emph{visited:08.17.2016}.
\bibitem[13]{hana2} Franz Faerber, Sand Kyun Cha, Juergen Primsch, Christof
Bornhoevd, Stefan Sigg, Wolfgang Lehner: \emph{SAP HANA Database - Data
Management for Modern Business Applications}, 12.04.2011.
ACM SIGMOD Record Volume 40 Issue 4, ACM New York, pp. 45-51.
\bibitem[14]{sapiotstrats} Holger Mueller: \emph{First Take - SAP's IoT Strategy
becomes clearer\ldots}, 01.28.2015.
http://enswmu.blogspot.de/2015/01/first-take-saps-iot-strategy-becomes.html,
\emph{visited:08.18.2016}.
\bibitem[15]{hcpoff} SAP HANA Cloud Platform: \emph{What is SAP HANA Cloud
Platform?}, unknown date.
https://hcp.sap.com/index.html, \emph{visited:08.18.2016}.
\bibitem[16]{hcpdocs} Developer Guide: \emph{SAP HANA Cloud Platform},
07.29.2016.
https://help.hana.ondemand.com/help/frameset.htm, \emph{visited: 08.18.2016}.
\bibitem[17]{sapvi} SAP Vehicle Insights: \emph{SAP Vehicle Insights: Create new
business models with connected car analytics}, unknown date.
http://go.sap.com/product/analytics/vehicle-insights.html,
\emph{visited:08.18.2016}.
\bibitem[18]{vidocs} Benjamin Graf, Ralf Ehret: \emph{Architecture Concept SAP
Vehicle Insights}, 05.20.2015. Internal product documentation.
\bibitem[19]{websocket1} Michael Carter: \emph{[whatwg] TCPConnection feedback},
06.2008.
https://lists.w3.org/Archives/Public/public-whatwg-archive/2008Jun/0165.html,
\emph{visited:08.18.2016}.
\bibitem[20]{websocketbook} Andrew Lombardi: \emph{WebSocket: Lightweight
Client-Server }, 04.09.2015.
Mystic Coders, LLC 2015, O'Reilly Media,  1st printing, pp.9-17.
\bibitem[21]{w3cwebsocket} Ion Hickson: \emph{The WebSocket API}, 09.29.2011.
https://www.w3.org/TR/2011/WD-websockets-20110929/, \emph{visited:08.19.2016}.
\bibitem[22]{firefoxws} Mozilla Developer Network MDN: \emph{Writing WebSocket
servers}, 08.03.2016.
https://developer.mozilla.org/en-US/docs/Web/API/WebSockets\_API/Writing\_WebSocket\_servers,
\emph{visited:08.19.2016}.
\bibitem[23] {nodebook} Brad Dayley: \emph{Node.js, MongoDB, and AngularJS Web
Development}, 12.2014.
Addison-Wesley Longman, Inc, Pearson Education Inc 2014, 2nd printing.
\bibitem[24]{sapandnode} Graham Robinson: \emph{SAP makes strong commitment to
Node.js}, 10.25.2015.
http://scn.sap.com/community/developer-center/hana/blog/2015/10/25/sap-endorses-nodejs,
\emph{visited:08.19.2016}.
\bibitem[25]{sybase} SYBASE Infocenter: \emph{AppBuilder 1.0}, 11.2013.
http://infocenter.sybase.com/help/index.jsp?topic=/
com.sybase.infocenter.appbuilder.1.0/doc/html/title.html, \emph{visited:08.19.2016}.
\bibitem[26]{connectionStackOF} Stack Overflow Question: \emph{HTTP headers in
Websockets client API}, 12.2010.
http://stackoverflow.com/questions/4361173/http-headers-in-websockets-client-api,
\emph{visited:08.19.2016}.
\bibitem[27]{connectionHTML} HTML Documentation: \emph{HTML Living Standard},
08.24.2016.
https://html.spec.whatwg.org/multipage/comms.html#network, 
\emph{visited:08.19.2016}.
\bibitem[28]{webstatistic} Web Archive: \emph{Internet Statistics}, 08.25.2016.
https://web.archive.org/web/20130914042638/
http://stats.areppim.com/stats/stats\_internetxfcst.htm, \emph{visited:08.19.2016}.
\bibitem[29] {angularbook} Rodrigo Branas: \emph{AngularJS Essentials}, 08.2014.
Packt Publishing Ltd., 1st printing, pp. 32-35.
\bibitem[30] {angularbook2} Sandeep Panda: \emph{AngularJS: Novice to Ninja},
2014. SitePoint Pty. Ltd., 1st printing, p. 12.
\bibitem[31]{angulardocs} AngularJS Developer Guide: \emph{Data Binding},
08.02.2016.
https://docs.angularjs.org/guide/databinding, \emph{visited:08.23.2016}.
\bibitem[32]{oracledocs} Oracle Javax documentation: \emph{Package
javax.websocket}, unknown date.
https://docs.oracle.com/javaee/7/api/javax/websocket/package-summary.html,
\emph{visited:08.23.2016}.
\bibitem[33]{javaanno} Andrey Redko: \emph{Java Annotation Processors},
09.18.2015.
https://www.javacodegeeks.com/2015/09/java-annotation-processors.html,
\emph{visited:08.25.2016}.
\bibitem[34] {singletonbook} James William Cooper: \emph{Java Design Patterns: A Tutorial},
04.2000. Addison-Wesley Longman, Inc, 2nd printing, p. 42. 
\bibitem[35] {javabook2} S.G. Ganesh, Hari Kiran Kumar, Tushar Sharma:
\emph{Oracle Certified Professional Java SE 8 Programmer Exam 1Z0-809}, 2016.
Apress, 1st printing, p. 39.
\bibitem[36]{hcpsupportdocs} SAP HANA Cloud Documentation: \emph{Supported Java
APIs}, 07.29.2016.
https://help.hana.ondemand.com/help/
frameset.htm?e836a95cbb571014b3c4c422837fcde4.html, \emph{visited:08.19.2016}.

\bibitem[37]{gsma2} GSM Association: \emph{Understanding the Internet of Things
(IoT)}, 07.2014.
http://www.gsma.com/connectedliving/wp-content/uploads/2014/08/cl\_iot\_wp\_07\_14.pdf,
\emph{visited:08.16.2016}.
\bibitem[38]{javaconcurrency} Jeff Friesen: \emph{Java 101: Java concurrency
without the pain, Part 1}, 06.19.2013.
http://www.javaworld.com/article/2078809/java-concurrency/java-concurrency-java-101-the-next-generation-java-concurrency-without-the-pain-part-1.html,
\emph{visited:08.25.2016}.
\bibitem[39] {javamemoryleak} Stacy Joines, Ruth Willenborg, Ken Hygh:
\emph{Performance Analysis for Java Web Sites}, 09.2002.
Addison-Wesley Longman, Inc, 1st printing, p. 115, Memory Leaks ll. 3-4.